====================================================================================================
Monitoramento de servidores Linux por web sites.
====================================================================================================
Trabalho de conclusão de curso
----------------------------------------------------------------------------------------------------
Autor			: Eduardo Balan
Orientador		: Kleber Kruger
Instituição 		: UFMS - Universidade Federal do Mato Grosso do Sul
Unidade		: CPCX - Campus de Coxim
----------------------------------------------------------------------------------------------------
Arquivo		: tcc.tex
Data de criação	: 29 de Março de 2017
====================================================================================================

@book{Kurose:2010, author     = {Kurose Ross },
	title          = {Redes de computadores e a internet, Uma Abordagem Top-Down 5º edição},
	isbn	     = {978-85-88639-97-3},
	publisher = {Pearson Education do Brasil},
	year         = {2010}
}

@book{Tanenbaum:2003, author     = {Andrew S. Tanenbaum},
	title          = {Redes de computadores 4º edição},
	isbn	     = {8535211853},
	publisher = {Campus},
	year         = {2003}
}


@book{Silberschatz:2000,  author     = {Abraham Silberschatz; Greg Gagne; Peter Baer Galvin},
	title          = {Sistemas Operacionais Conceitos e Aplicações},
	isbn	     = {8535207198},
	publisher = {Campus},
	year         = {2000}
}

@book{Tanenbaum:2010, author     = {Andrew S. Tanenbaum},
	title          = {Sistemas Operacionais Modernos 3º edição},
	isbn	     = {978-85-7605-237-1},
	publisher = {Pearson Education do Brasil},
	year         = {2010}
}

@book{Marimoto:2011, author     = {Carlos E. Marimoto},
	title          = {Linux Redes e Servidores Guia Prático 2 º  edição},
	isbn	     = {9788599593196},
	publisher = {Sul Editores},
	year         = {2011}
}


@book{Abinader:2006, author     = {Jorge Abílio Abinader, Rafael Dueire Lins},
	title          = {Web Service em Java},
	isbn	     = {85-7452-249-X},
	publisher = {Brasport livros e Multimidia Ltda},
	year         = {2006}
}

@book{Sampaio:2003,  author	= {Cleuton Sampaio}, 
	title 				= {SOA e Web Service em Java},
	isbn	     			= {85-7452-267-8},
	publisher 			= {Brasport Livros e Multimídia Ltda},
	year 				= {2003}
}

@book{Saudate:2014,  author 	= {Alexandre Saudate}, 
	title          = {REST - Construa API's inteligentes de maneira simples},
	isbn	     = {978-85-66250-37-4},
	publisher = {Casa do Código},
	year         = {2014}
}

@book{Saudate:2012,  author 	= {Alexandre Saudate}, 
	title          = {SOA - aplicado Integrando com web services e além},
	isbn	     = {978-85-66250-15-2},
	publisher = {Casa do Código},
	year         = {2012}
}

@book{Boagrio:2017,  author 	= {Fernando Boagrio}, 
	title          = {Spring Boot - Acelere o desenvolvimento de microsserviços},
	isbn	     = {978-85-94120-00-7},
	publisher = {Casa do Código},
	year         = {2017}
}

@book{Weissmann:2012,  author 	= {Henrique Lobo Weissmann}, 
	title          = {Vire o jogo com Spring Framework},
	isbn	     = {978-85-66250-09-1},
	publisher = {Casa do Código},
	year         = {2012}
}

@book{Aniche:2015,  author 	= {Mauricio Aniche}, 
	title          = {Testes automatizados de software - Um guia prático},
	isbn	     = {978-85-5519-028-5},
	publisher = {Casa do Código},
	year         = {2015}
}

@book{Aniche:2012,  author 	= {Mauricio Aniche}, 
	title          = {Test-Driven Development - Teste e Design no Mundo Real},
	isbn	     = {978-85-66250-04-6},
	publisher = {Casa do Código},
	year         = {2012}
}

@misc{Weber:2002,  author 	= {Weber, Taisy Silva}, 
	title 				= {Um roteiro para exploração dos conceitos básicos de tolerância a falhas},
	year 				= {2002},
	howpublished 		= {Publicação online}, 
	url 				= {<http://www.inf.ufrgs.br/~taisy/disciplinas/textos/Dependabilidade.pdf>},
	note 				= {Disponível em: $<$ http://www.inf.ufrgs.br/~taisy/disciplinas/textos/Dependabilidade.pdf $>$ Acesso em: 29/03/2017},
	institution 			= {Instituto de Informática – UFRGS}, 
	address 			= {Porto Alegre}, 
	numpages 			= {62},
	school 			= {Instituto de Informática – UFRGS}
}

@misc{Laudo:2006,  author 	= {Laudo}, 
	title 				= {Laudo aponta que incêndio no prédio do INSS foi acidental},
	year 				= {2006},
	howpublished 		= {Publicação online}, 
	url 				= {<http://www1.folha.uol.com.br/folha/cotidiano/ult95u117284.shtml>},
	note 				= {Disponível em: $<$ http://www1.folha.uol.com.br/folha/cotidiano/ult95u117284.shtml $>$ Acesso em: 29/03/2017},
	institution 			= {Folha  – uol}, 
	address 			= {São Paulo}
}

@misc{Machado:2005,  author	= {Nelson Machado}, 
	title 				= {Incêndio no INSS destrói processos de fraudes},
	year 				= {2005},
	howpublished 		= {Publicação online}, 
	url 				= {<http://noticias.terra.com.br/brasil/interna/0,,OI810789-EI306,00.html>},
	note 				= {Disponível em: $<$ http://noticias.terra.com.br/brasil/interna/0,,OI810789-EI306,00.html $>$ Acesso em: 29/03/2017},
	institution 			= {Terra Networks Brasil S.A}
}

@misc{Futema:2005,  author	= {Fabiona Futema}, 
	title 				= {Incêndio destruiu processos administrativos e logística do INSS, diz deputado},
	year 				= {2005},
	howpublished 		= {Publicação online}, 
	url 				= {<http://www1.folha.uol.com.br/folha/cotidiano/ult95u116752.shtml>},
	note 				= {Disponível em: $<$ http://www1.folha.uol.com.br/folha/cotidiano/ult95u116752.shtml $>$ Acesso em: 29/03/2017},
	institution 			= {Folha  – uol},
	address 			= {São Paulo}
}

@misc{W3C:2001,  author 	= {W3C}, 
	title 				= {WebServices Framework e Assertion exchange using SAML},
	year 				= {2001},
	howpublished 		= {Publicação online}, 
	url 				= {<https://www.w3.org/2001/03/WSWS-popa/paper23>},
	note 				= {Disponível em: $<$ https://www.w3.org/2001/03/WSWS-popa/paper23 $>$ Acesso em: 29/03/2017},
	institution 			= {W3C}
}

@misc{SpringFramework:2017,  
	author 	= {spring.io}, 
	title 				= {Spring Framework Overview},
	year 				= {2017},
	howpublished 		= {Publicação online}, 
	url 				= {<https://docs.spring.io/spring/docs/5.0.2.BUILD-SNAPSHOT/spring-framework-reference/overview.html>},
	note 				= {Disponível em: $<$ https://docs.spring.io/spring/docs/5.0.2.BUILD-SNAPSHOT/spring-framework-reference/overview.html $>$ Acesso em: 23/11/2017},
	institution 			= {Pivotal Software}
}

@misc{springBoot:2017,
	author 	= {spring.io}, 
	title 				= {WebServices Framework e Assertion exchange using SAML},
	year 				= {2017},
	howpublished 		= {Publicação online}, 
	url 				= {<https://docs.spring.io/spring-boot/docs/current-SNAPSHOT/reference/htmlsingle>},
	note 				= {Disponível em: $<$ https://docs.spring.io/spring-boot/docs/current-SNAPSHOT/reference/htmlsingle $>$ Acesso em: 23/11/2017},
	institution 			= {Pivotal Software}
}

@misc{springData:2017,  
	author = {spring.io}, 
	title 				= {Spring Data},
	year 				= {2017},
	howpublished 		= {Publicação online}, 
	url 				= {<https://projects.spring.io/spring-data>},
	note 				= {Disponível em: $<$ https://projects.spring.io/spring-data $>$ Acesso em: 24/11/2017},
	institution 			= {Pivotal Software}
}

@misc{springDataJpa:2017, 
	author = {spring.io}, 
	title 				= {Spring Data JPA},
	year 				= {2017},
	howpublished 		= {Publicação online}, 
	url 				= {<https://projects.spring.io/spring-data-jpa>},
	note 				= {Disponível em: $<$ https://projects.spring.io/spring-data-jpa $>$ Acesso em: 24/11/2017},
	institution 			= {Pivotal Software}
}


@misc{springBootTest:2017, 
	author = {spring.io}, 
	title 				= {Spring Boot Test},
	year 				= {2017},
	howpublished 		= {Publicação online}, 
	url 				= {<https://docs.spring.io/spring-boot/docs/current/reference/html/boot-features-testing.html>},
	note 				= {Disponível em: $<$ https://docs.spring.io/spring-boot/docs/current/reference/html/boot-features-testing.html $>$ Acesso em: 25/11/2017},
	institution 			= {Pivotal Software}
}

@misc{junit:2017,  
	author = {Junit}, 
	title 				= {Junit},
	year 				= {2017},
	howpublished 		= {Publicação online}, 
	url 				= {<http://junit.org/junit5/docs/current/user-guide>},
	note 				= {Disponível em: $<$ http://junit.org/junit5/docs/current/user-guide $>$ Acesso em: 25/11/2017},
	institution 			= {The JUnit Team}
}


@misc{hamcrest:2017,  
	author = {hamcrest}, 
	title 				= {hamcrest - Tutorial.wiki},
	year 				= {2017},
	howpublished 		= {Publicação online}, 
	url 				= {<https://code.google.com/archive/p/hamcrest/wikis/Tutorial.wiki>},
	note 				= {Disponível em: $<$ https://code.google.com/archive/p/hamcrest/wikis/Tutorial.wiki $>$ Acesso em: 25/11/2017},
	institution 			= {hamcrest.org}
}

@misc{mockito:2017,  
	author = {mockito}, 
	title 				= {Tasty mocking framework for unit tests in Java},
	year 				= {2017},
	howpublished 		= {Publicação online}, 
	url 				= {<http://site.mockito.org>},
	note 				= {Disponível em: $<$ http://site.mockito.org $>$ Acesso em: 25/11/2017},
	institution 			= {mockito.org}
}

@misc{JsonPath:2017,  
	author = {JsonPath}, 
	title 				= {Jayway JsonPath},
	year 				= {2017},
	howpublished 		= {Publicação online}, 
	url 				= {<https://github.com/json-path/JsonPath>},
	note 				= {Disponível em: $<$ https://github.com/json-path/JsonPath $>$ Acesso em: 25/11/2017},
	institution 			= {json-path}
}

@misc{ApacheWhatIsMaven:2017, 
	author = {Apache}, 
	title 				= {what is maven},
	year 				= {2017},
	howpublished 		= {Publicação online}, 
	url 				= {<https://maven.apache.org/what-is-maven.html>},
	note 				= {Disponível em: $<$ https://maven.apache.org/what-is-maven.html $>$ Acesso em: 27/11/2017},
	institution 			= {The Apache Software Foundation}
}

@misc{ApacheFeature:2017, 
	author = {Apache}, 
	title 				= {Feature Summary},
	year 				= {2017},
	howpublished 		= {Publicação online}, 
	url 				= {<https://maven.apache.org/maven-features.html>},
	note 				= {Disponível em: $<$ https://maven.apache.org/maven-features.html $>$ Acesso em: 27/11/2017},
	institution 			= {The Apache Software Foundation}
}


@misc{PostgreSQL:2017,  
	author 			= {The PostgreSQL Global Development Group}, 
	title 				= {Chapter 1. Introduction},
	year 				= {2017},
	howpublished 		= {Publicação online}, 
	url 				= {<https://jdbc.postgresql.org/documentation/94/intro.html>},
	note 				= {Disponível em: $<$ https://jdbc.postgresql.org/documentation/94/intro.html $>$ Acesso em: 27/11/2017},
	institution 			= {The PostgreSQL Global Development Group}

}

@misc{Valgrind:2017,  
	author 			= {Valgrind Team Developers}, 
	title 				= {Valgrind Documentation},
	year 				= {2017},
	howpublished 		= {Publicação online}, 
	url 				= {<http://valgrind.org/docs/manual/manual.html>},
	note 				= {Disponível em: $<$ http://valgrind.org/docs/manual/manual.html $>$ Acesso em: 27/11/2017},
	institution 		= {Valgrind Team Developers}

}

@misc{nfe:2006, 
	author              = {Receita Federal}, 
	title 				= {Projeto Nota Fiscal Eletrônica - Manual de Integração - Contribuinte
Padrões Técnicos de Comunicação},
	year 				= {2006},
	howpublished 		= {Publicação online}, 
	url 				= {<http://www.nfe.fazenda.gov.br/portal/exibirArquivo.aspx?conteudo=axJAwrmqwNo=>},
	note 				= {Disponível em: $<$ http://www.nfe.fazenda.gov.br/portal/exibirArquivo.aspx?conteudo=axJAwrmqwNo= $>$ Acesso em: 25/10/2017},
	institution 		= {Receita Federal}
}


